@Manual{R-base,
  title = {R: A Language and Environment for Statistical Computing},
  author = {{R Core Team}},
  organization = {R Foundation for Statistical Computing},
  address = {Vienna, Austria},
  year = {2020},
  url = {https://www.R-project.org/},
}

@Manual{R-bookdown,
  title = {bookdown: Authoring Books and Technical Documents with R Markdown},
  author = {Yihui Xie},
  year = {2020},
  note = {R package version 0.21},
  url = {https://github.com/rstudio/bookdown},
}

@Manual{R-devtools,
  title = {devtools: Tools to Make Developing R Packages Easier},
  author = {Hadley Wickham and Jim Hester and Winston Chang},
  year = {2020},
  note = {R package version 2.3.2},
  url = {https://CRAN.R-project.org/package=devtools},
}

@Manual{R-dplyr,
  title = {dplyr: A Grammar of Data Manipulation},
  author = {Hadley Wickham and Romain François and Lionel {
             Henry} and Kirill Müller},
  year = {2020},
  note = {R package version 1.0.2},
  url = {https://CRAN.R-project.org/package=dplyr},
}

@Manual{R-dygraphs,
  title = {dygraphs: Interface to Dygraphs Interactive Time Series Charting Library},
  author = {Dan Vanderkam and JJ Allaire and Jonathan Owen and Daniel Gromer and Benoit Thieurmel},
  year = {2018},
  note = {R package version 1.1.1.6},
  url = {https://github.com/rstudio/dygraphs},
}

@Manual{R-ggplot2,
  title = {ggplot2: Create Elegant Data Visualisations Using the Grammar of Graphics},
  author = {Hadley Wickham and Winston Chang and Lionel Henry and Thomas Lin Pedersen and Kohske Takahashi and Claus Wilke and Kara Woo and Hiroaki Yutani and Dewey Dunnington},
  year = {2020},
  note = {R package version 3.3.2},
  url = {https://CRAN.R-project.org/package=ggplot2},
}

@Manual{R-knitr,
  title = {knitr: A General-Purpose Package for Dynamic Report Generation in R},
  author = {Yihui Xie},
  year = {2020},
  note = {R package version 1.30},
  url = {https://yihui.org/knitr/},
}

@Manual{R-mosaic,
  title = {mosaic: Project MOSAIC Statistics and Mathematics Teaching Utilities},
  author = {Randall Pruim and Daniel T. Kaplan and Nicholas J. Horton},
  year = {2020},
  note = {R package version 1.8.2},
  url = {https://CRAN.R-project.org/package=mosaic},
}

@Manual{R-readr,
  title = {readr: Read Rectangular Text Data},
  author = {Hadley Wickham and Jim Hester},
  year = {2020},
  note = {R package version 1.4.0},
  url = {https://CRAN.R-project.org/package=readr},
}

@Manual{R-rmarkdown,
  title = {rmarkdown: Dynamic Documents for R},
  author = {JJ Allaire and Yihui Xie and Jonathan McPherson and Javier Luraschi and Kevin Ushey and Aron Atkins and Hadley Wickham and Joe Cheng and Winston Chang and Richard Iannone},
  year = {2021},
  note = {R package version 2.11},
  url = {https://CRAN.R-project.org/package=rmarkdown},
}

@Manual{R-tibble,
  title = {tibble: Simple Data Frames},
  author = {Kirill Müller and Hadley Wickham},
  year = {2020},
  note = {R package version 3.0.4},
  url = {https://CRAN.R-project.org/package=tibble},
}

@Manual{R-tidyr,
  title = {tidyr: Tidy Messy Data},
  author = {Hadley Wickham},
  year = {2020},
  note = {R package version 1.1.2},
  url = {https://CRAN.R-project.org/package=tidyr},
}

@Manual{R-tufte,
  title = {tufte: Tufte's Styles for R Markdown Documents},
  author = {Yihui Xie and JJ Allaire},
  year = {2020},
  note = {R package version 0.7},
  url = {https://github.com/rstudio/tufte},
}

@Manual{R-webshot,
  title = {webshot: Take Screenshots of Web Pages},
  author = {Winston Chang},
  year = {2019},
  note = {R package version 0.5.2},
  url = {https://github.com/wch/webshot/},
}

@Book{bookdown2016,
  title = {bookdown: Authoring Books and Technical Documents with {R} Markdown},
  author = {Yihui Xie},
  publisher = {Chapman and Hall/CRC},
  address = {Boca Raton, Florida},
  year = {2016},
  note = {ISBN 978-1138700109},
  url = {https://github.com/rstudio/bookdown},
}

@Book{ggplot22016,
  author = {Hadley Wickham},
  title = {ggplot2: Elegant Graphics for Data Analysis},
  publisher = {Springer-Verlag New York},
  year = {2016},
  isbn = {978-3-319-24277-4},
  url = {https://ggplot2.tidyverse.org},
}

@Book{knitr2015,
  title = {Dynamic Documents with {R} and knitr},
  author = {Yihui Xie},
  publisher = {Chapman and Hall/CRC},
  address = {Boca Raton, Florida},
  year = {2015},
  edition = {2nd},
  note = {ISBN 978-1498716963},
  url = {https://yihui.org/knitr/},
}

@InCollection{knitr2014,
  booktitle = {Implementing Reproducible Computational Research},
  editor = {Victoria Stodden and Friedrich Leisch and Roger D. Peng},
  title = {knitr: A Comprehensive Tool for Reproducible Research in {R}},
  author = {Yihui Xie},
  publisher = {Chapman and Hall/CRC},
  year = {2014},
  note = {ISBN 978-1466561595},
  url = {http://www.crcpress.com/product/isbn/9781466561595},
}

@Article{mosaic2017,
  author = {Randall Pruim and Daniel T Kaplan and Nicholas J Horton},
  title = {The mosaic Package: Helping Students to 'Think with Data' Using R},
  journal = {The R Journal},
  volume = {9},
  number = {1},
  pages = {77--102},
  year = {2017},
  url = {https://journal.r-project.org/archive/2017/RJ-2017-024/index.html},
}

@Book{rmarkdown2018,
  title = {R Markdown: The Definitive Guide},
  author = {Yihui Xie and J.J. Allaire and Garrett Grolemund},
  publisher = {Chapman and Hall/CRC},
  address = {Boca Raton, Florida},
  year = {2018},
  note = {ISBN 9781138359338},
  url = {https://bookdown.org/yihui/rmarkdown},
}

@Book{rmarkdown2020,
  title = {R Markdown Cookbook},
  author = {Yihui Xie and Christophe Dervieux and Emily Riederer},
  publisher = {Chapman and Hall/CRC},
  address = {Boca Raton, Florida},
  year = {2020},
  note = {ISBN 9780367563837},
  url = {https://bookdown.org/yihui/rmarkdown-cookbook},
}

